<record><leader>00000cas a22000007a 4500</leader><controlfield tag="001">27471750</controlfield><controlfield tag="008">930219d187818uuctuwr ne      0    0eng d</controlfield><datafield ind1=" " ind2=" " tag="010"><subfield code="a">sn 93053745 </subfield></datafield><datafield ind1=" " ind2=" " tag="040"><subfield code="a">CNW</subfield><subfield code="b">eng</subfield><subfield code="c">CNW</subfield><subfield code="d">OCL</subfield><subfield code="d">OCLCQ</subfield></datafield><datafield ind1=" " ind2=" " tag="042"><subfield code="a">msc</subfield></datafield><datafield ind1="0" ind2="4" tag="245"><subfield code="a">The Waterbury index.</subfield></datafield><datafield ind1=" " ind2=" " tag="260"><subfield code="a">Waterbury, Conn. :</subfield><subfield code="b">A.M. Bridgman</subfield></datafield><datafield ind1=" " ind2=" " tag="300"><subfield code="a">v.</subfield></datafield><datafield ind1=" " ind2=" " tag="310"><subfield code="a">Weekly</subfield></datafield><datafield ind1="0" ind2=" " tag="362"><subfield code="a">Vol. 10, no. 10 (Aug. 9, 1878)-</subfield></datafield><datafield ind1=" " ind2=" " tag="515"><subfield code="a">Issues for 1878-Apr. 22, 1879 also called: Whole no. 479-516.</subfield></datafield><datafield ind1=" " ind2="4" tag="651"><subfield code="a">Waterbury (Conn.)</subfield><subfield code="v">Newspapers.</subfield></datafield><datafield ind1=" " ind2=" " tag="752"><subfield code="a">United States</subfield><subfield code="b">Connecticut</subfield><subfield code="c">New Haven</subfield><subfield code="d">Waterbury.</subfield></datafield><datafield ind1="0" ind2="0" tag="780"><subfield code="t">Valley index</subfield><subfield code="w">(DLC)sn 84022541</subfield><subfield code="w">(OCoLC)10466182</subfield></datafield><datafield ind1="0" ind2="0" tag="785"><subfield code="t">Waterbury monitor</subfield></datafield><datafield ind1="1" ind2=" " tag="029"><subfield code="a">AU@</subfield><subfield code="b">000020724645</subfield></datafield></record>